@article{Czakon:2023kqm,
    author = "Czakon, Micha\l{} and Eschment, Felix and Niggetiedt, Marco and Poncelet, Rene and Schellenberger, Tom",
    title = "{Top-Bottom Interference Contribution to Fully Inclusive Higgs Production}",
    eprint = "2312.09896",
    archivePrefix = "arXiv",
    primaryClass = "hep-ph",
    reportNumber = "P3H-23-101, TTK-23-34, MPP-2023-286, IFJPAN-IV-2023-6",
    doi = "10.1103/PhysRevLett.132.211902",
    journal = "Phys. Rev. Lett.",
    volume = "132",
    number = "21",
    pages = "211902",
    year = "2024"
}

@article{Czakon:2024ywb,
    author = "Czakon, Micha\l{} and Eschment, Felix and Niggetiedt, Marco and Poncelet, Rene and Schellenberger, Tom",
    title = "{Quark mass effects in Higgs production}",
    eprint = "2407.12413",
    archivePrefix = "arXiv",
    primaryClass = "hep-ph",
    doi = "10.1007/JHEP10(2024)210",
    journal = "JHEP",
    volume = "10",
    pages = "210",
    year = "2024"
}

@article{Czakon:2023tld,
    author = "Czakon, Micha\l{} and Eschment, Felix and Schellenberger, Tom",
    title = "{Subleading effects in soft-gluon emission at one-loop in massless QCD}",
    eprint = "2307.02286",
    archivePrefix = "arXiv",
    primaryClass = "hep-ph",
    reportNumber = "P3H-23-041, TTK-23-17",
    doi = "10.1007/JHEP12(2023)126",
    journal = "JHEP",
    volume = "12",
    pages = "126",
    year = "2023"
}

@article{Czakon:2022dwk,
    author = "Czakon, Micha\l{} and Eschment, Felix and Schellenberger, Tom",
    title = "{Revisiting the double-soft asymptotics of one-loop amplitudes in massless QCD}",
    eprint = "2211.06465",
    archivePrefix = "arXiv",
    primaryClass = "hep-ph",
    doi = "10.1007/JHEP04(2023)065",
    journal = "JHEP",
    volume = "04",
    pages = "065",
    year = "2023"
}

@misc{Neutelings_2024,
    title={Izaak neutelings},
    url={https://tikz.net/sm_particles/},
    journal={TikZ.net},
    author={Neutelings, Izaak},
    year={2024}, month={03}
}